@Book{SEaT,
author = {B. B. Agarwal,M. Gupta,S. P. Tayal},
title = {Software Engineering and Testing},
publisher = {Jones and Bartlett Publishers},
year = {2008},
address = {United Kingdom}
}

@Book{Fund,
author = {R. Black and E.V. Veenendaal and Dorothy Graham},
title = {Fundation of Software Testing},
publisher = {Cengage},
year = {2012}}

@Book{TestingMatt,
author = {Scott Loveland and Michael Shannon and Geoffrey Miller and Richard Prewitt},
title = {Software Testing Techniques: Finding the Defects That Matter},
publisher = {Cengage Learning},
year = {2004}}

@Book{Fund,
author = {Scott Loveland and Michael Shannon and Geoffrey Miller and Richard Prewitt},
title = {Software Testing Techniques: Finding the Defects That Matter},
publisher = {Cengage Learning},
year = {2004}}

@book{davies2011value,
  title={Value Management: Translating Aspirations Into Performance},
  author={Ed Burns and Chris Schalk },
  isbn={9781409409557},
  lccn={2011016174},
  url={http://books.google.pl/books?id=iVhjVo3VPI0C},
  year={2011},
  publisher={Ashgate Publishing Company}
}


@book{jsfRef,
  title={JavaServer Faces 2.0:The Complete Reference},
  author={Davies, R.H. and Davis, A.J.},
  isbn={0071625097},  
  year={2009},
  publisher={ McGraw-Hill Osborne Media}
}
@book{primeFaces,
  title={JavaServer Faces 2.0:The Complete Reference},
  author={Oleg Varaksin and Mert Caliskan},
  isbn={978-1-84951-928-1},  
  year={2013},
  publisher={ Packt Publishing}
}

@book{peopleWare,
  title={Automated software testing:introduction, management, and performance},
  author={Elfriede Dustin and Jeff Rashka and John Paul},
  isbn={978-1-84951-928-1},  
  year={1999},
  publisher={ Addison-Wesley Professional }
}

@misc{istqb,
author = {ISTQB},
title = {{International Software Testing Qualifications Board: Certified Tester Foundation Level Syllabus}},
url = {http://www.istqb.org/downloads/finish/16/15.html},
urldate = {10/05/13}
}@misc{http,
author = {w3c},
title = {{Hypertext Transfer Protocol -- HTTP/1.1}},
url = {http://www.w3.org/Protocols/rfc2616/rfc2616.html},
urldate = {10/05/13}
}


@Article{BUTTERFLY ,
author = {Morton, S},
title = {The Butterfly Model for Test Development},
year = {2001},
}


